@manual{ap47,
title = {Versuchsanleitung zu Versuch Nr. 47 Molwärme von Kupfer},
year = 2024,
organization = {Fakultät Physik, TU Dortmund},
}

@online{6,
url= {https://pse-info.de/de/element/Cu},
urldate = {2024-05-05}, 
title= {Characteristics of copper},
}

@online{Cp, 
url = {https://www.chemie.de/lexikon/Kupfer.html},
urldate = {2024-05-06}, 
title = {Kupfer},
}

@online{theta, 
url = { https://eng.libretexts.org/Bookshelves/Materials_Science/Supplemental_Modules_(Materials_Science)/Electronic_Properties/Debye_Model_For_Specific_Heat}, 
urldate ={2024-05-06}, 
title = {Debye Model For Specific Heat},
}